% $Id: Timer.bib,v 1.1.6.1 2002/04/24 03:25:55 erik Exp $
@misc(pcl,
        author = "{Berrendorf, R.} and {Mohr, B.}",
        title = "{PCL - The Performance Counter Library: A Common Interface to Access Hardware Performance Counters on Microprocessors}",
        howpublished="http://www.kfa-juelich.de/zam/PCL/doc/pcl/pcl.html")

@misc(papi,
        title = "{The PAPI Project Home Page}",
        howpublished="http://www.kfa-juelich.de/zam/PCL")












