% $Id: Log.bib,v 1.1.6.1 2002/04/24 03:25:35 erik Exp $
<Standard LaTeX bibliographic database entries (e.g. @techreport ...).
 Latex2html automatically creates links when the \cite command 
 is used to reference a bibliography entry in the text body.>















